2375 2940
1154 109 1187 153 2

162 241 269 265 mann
297 231 421 275 scripti
448 232 510 267 nei
539 232 707 277 impressi
735 233 832 277 typis
860 233 1017 269 habendi
1044 234 1138 270 sint:
1167 244 1239 279 quo
1265 234 1422 278 accedit,
1452 235 1547 279 quod
1567 235 1842 271 Wernsdorfius
1868 235 2064 272 editionum
2094 237 2177 281 plu·

163 302 223 326 res
252 302 391 337 easque
417 294 602 336 grauioris
630 295 805 330 momenti
832 304 903 330 non
931 296 1011 340 ipse
1038 296 1222 339 excussit,
1268 295 1334 331 sed
1362 305 1410 330 ex
1437 295 1588 331 aliorum
1617 291 1814 332 collatione
1841 298 2012 343 cognitas
2038 298 2178 334 babuit.

165 356 293 399 ltaque
320 364 455 399 operae
483 356 635 400 pretium
662 366 721 391 me
749 353 929 392 facturum
958 367 1044 393 esse
1077 357 1250 401 arbitror,
1288 357 1320 391 si
1354 357 1400 391 de
1434 357 1601 393 omnibus
1635 358 1809 394 subsidiis
1842 359 1990 404 criticis,
2025 368 2177 405 quorum

164 415 288 450 notitia
316 416 361 449 ad
389 426 445 451 me
473 418 653 461 peruenit,
680 419 843 453 breuiter
869 418 1012 463 quidem
1048 419 1113 453 sed
1147 429 1255 464 quam
1290 418 1566 455 accuratissime
1598 420 1675 455 fleri
1709 423 1842 465 potest,
1877 420 2113 465 disputauero
2140 420 2175 455 in

163 479 261 513 hunc
288 478 445 521 modum,
474 480 514 512 ut
541 477 693 522 primum
721 480 767 515 de
794 479 994 524 codicibus,
1022 480 1151 515 deinde
1177 481 1223 516 de
1249 479 1469 516 editionibus
1495 479 1711 526 disseratur,
1740 481 1872 526 quibus
1899 491 1944 517 ea
1971 479 2173 527 subnotans,-

164 550 259 586 quae
286 540 331 575 ad
358 540 640 576 confirmandam
668 542 883 577 sententiam
910 550 1028 580 meam
1056 540 1180 578 faeere
1206 541 1388 578 uidentur.

321 601 408 638 Jam
435 602 533 637 inter
560 601 707 637 codices
735 602 1004 648 calpurnianos
1030 604 1183 649 primum
1209 603 1347 639 obtinet
1373 604 1490 639 locum
1518 603 1648 642 Dora.
1675 613 1715 641 α.
1741 605 1837 649 apud
1863 605 2108 641 Burmannnm
2136 605 2173 639 in

166 664 265 703 ΑΜ.
292 666 338 700 ad
365 668 454 703 tom.
481 673 535 709 pr.
563 664 665 699 Poct.
693 664 773 700 Lat.
800 666 892 705 Min.
919 666 978 702 cni
1005 669 1044 702 et
1069 676 1201 704 nomen
1219 666 1491 712 Neapolitano
1519 663 1590 711 (ex
1614 667 1711 712 loco,
1738 666 1775 702 in
1802 677 1873 713 quo
1900 670 2173 710 assernabatnr,

165 726 324 770 Neapoli
351 726 388 760 in
417 725 499 760 bibl.
530 725 764 774 Carbonarii)
793 728 858 762 sed
885 737 1035 773 perraro
1063 732 1123 764 est
1149 728 1315 766 inditum.
1369 729 1511 763 Bonum
1547 738 1635 763 uero
1669 737 1753 763 eum
1790 738 1857 773 per
1887 739 1930 764 se
1956 729 2019 765 uix
2046 730 2176 776 appel-

166 788 342 833 lauerim,
377 791 417 823 at
448 798 495 823 cx
526 788 767 824 deterioribus
801 791 915 825 multo
948 791 1151 827 meliorem:
1188 791 1323 837 quippe
1357 791 1419 836 qui
1451 793 1490 826 et
1515 790 1755 835 interpolatus
1782 791 1847 837 sit,
1876 794 1914 826 et
1939 792 2061 828 multis
2086 792 2177 828 locis

167 854 374 897 corruptus.
426 850 552 887 Nihilo
578 853 700 886 tamen
728 850 850 888 minus
876 851 925 887 ad
949 852 1049 888 bunc
1077 852 1253 898 codicem,
1282 852 1402 898 quoad
1429 861 1494 898 per
1518 852 1626 898 leges
1652 852 1800 889 criticas
1826 852 1905 889 fleri
1930 854 2062 900 potest,
2090 863 2178 890 ner-

167 915 291 950 borum
324 914 518 950 contextus
552 912 836 949 conformandus
869 917 940 952 est.
1004 916 1060 950 De
1092 915 1202 951 huius
1236 915 1319 951 libri
1351 915 1467 960 p.·etio
1500 915 1735 951 Burmannus
1765 919 1867 952 recte
1900 916 2035 961 sensit,
2070 916 2180 961 eiquo

168 973 443 1013 Wernsdorflus
470 975 530 1012 bic
557 976 631 1012 illie
657 977 900 1022 adstipulatus
925 980 1002 1014 estz
1043 978 1205 1014 Beckins
1236 988 1355 1023 pauca
1389 988 1436 1013 ex
1468 988 1513 1014 eo
1546 977 1708 1023 retinxit,
1749 978 1816 1013 sed
1843 978 2063 1024 grauissima
2089 979 2178 1014 reii-

167 1037 244 1083 quit
269 1038 418 1075 intacta.
471 1037 567 1073 Mihi
594 1047 741 1084 quoque
768 1039 889 1075 emnia
916 1039 1046 1075 iterum
1071 1039 1277 1085 iterumque
1304 1038 1544 1086 pertractanti
1570 1042 1606 1074 et
1632 1040 1867 1085 perpendenti
1893 1040 2039 1076 tandem
2068 1043 2179 1087 atquo

167 1102 231 1136 uix
258 1102 402 1136 tandem
430 1111 487 1146 ca,
517 1112 627 1146 quam
654 1103 841 1146 proposui,
869 1103 1051 1138 sententia
1078 1102 1235 1138 subnata
1261 1107 1331 1138 est.
1358 1122 1412 1129 —
1463 1102 1635 1137 Proxime
1662 1103 1708 1137 ad
1735 1103 1835 1137 iilum
1864 1103 2044 1138 accedere
2070 1103 2177 1144 uide·

166 1167 226 1199 tur
253 1164 385 1200 codex
410 1162 583 1213 Heinaii,
609 1163 706 1210 apud
732 1164 859 1199 Burm.
887 1163 925 1200 in
954 1164 1097 1202 Comm.
1121 1164 1278 1201 aliatnsz
1312 1163 1379 1200 sed
1405 1173 1477 1200 non
1504 1173 1590 1201 raro
1617 1164 1663 1200 de
1689 1172 1736 1209 eo
1761 1163 1979 1210 ambigitur,
2013 1163 2177 1200 omuino-

169 1237 239 1271 qne
268 1227 347 1262 eins
376 1226 537 1271 cognitio
565 1233 625 1261 est
650 1224 823 1271 difficilis,
851 1235 935 1261 cum
964 1228 1171 1273 scripturae
1198 1236 1270 1262 non
1298 1226 1350 1261 ita
1377 1228 1512 1261 multae
1539 1236 1586 1261 ex
1611 1236 1656 1261 eo
1683 1226 1894 1261 afferantur.
1946 1227 2059 1261 Plura
2085 1236 2177 1262 eno-

167 1295 243 1325 tata
271 1290 354 1325 suut
383 1299 431 1324 ex
458 1290 546 1326 cdd.
573 1289 702 1326 Doru.
731 1288 766 1324 b.
793 1297 827 1325 c.
855 1288 919 1334 qui
944 1288 1061 1326 eidem
1089 1288 1250 1326 familiae
1276 1288 1536 1339 adnumerandi
1562 1290 1663 1327 sunt.
1719 1288 1857 1324 Harum
1884 1287 2085 1334 scripturas
2111 1299 2177 1326 eo—

167 1351 263 1397 dem,
293 1360 363 1394 quo
385 1352 497 1386 notu.
524 1360 560 1387 a.
586 1352 669 1385 ioco
696 1352 898 1393 congestas
925 1351 1120 1389 habemus.
1165 1350 1335 1394 Denique
1360 1350 1581 1394 peculiarem
1607 1359 1766 1394 eamque
1792 1350 2009 1385 deteriorem
2033 1350 2174 1386 illorum

166 1413 334 1450 codicum
369 1412 605 1459 appendicem
639 1412 830 1449 habendos
861 1423 949 1449 esse
981 1415 1069 1459 puto
1102 1414 1231 1453 Deru.
1264 1414 1302 1451 d.
1336 1410 1461 1460 (ouius
1494 1411 1658 1448 notitiam
1692 1411 1833 1449 ibidem.
1852 1410 2035 1461 reperies)
2068 1423 2177 1459 quem

167 1476 442 1511 Wernsdorssus
474 1478 512 1511 et
537 1477 699 1513 Beckius
732 1486 852 1522 paene
882 1476 1017 1521 ubique
1048 1476 1237 1522 appellant
1262 1474 1475 1520 simpliciter
1501 1475 1629 1512 Doru.
1656 1475 1703 1509 ad
1728 1475 1929 1510 Burmanni
1955 1474 2071 1511 uerba
2094 1476 2177 1511 Ex-

167 1537 306 1584 cerptis
340 1538 577 1574 Doruiliianis
610 1538 814 1585 praemissa
846 1548 918 1575 non
952 1539 1205 1585 attendentes,
1240 1539 1279 1574 et
1309 1536 1639 1583 Henetiam-anum
1672 1536 1868 1583 alterum,
1901 1534 2065 1585 (signaui
2091 1548 2174 1575 enm

166 1601 205 1637 R.
232 1599 287 1646 2.)
320 1600 427 1635 cuius
459 1600 582 1635 breuis
614 1601 861 1647 subiungatur
891 1600 1102 1645 descriptio.
1173 1600 1246 1637 Hie
1276 1601 1395 1635 codex
1426 1599 1647 1635 chartaceus
1674 1608 1697 1634 a
1724 1599 1928 1635 Waeblero
1964 1598 2017 1647 (in
2050 1598 2175 1637 libello

168 1662 354 1710 „Thomas
365 1661 565 1708 ,Rehdiger
590 1662 665 1697 und
692 1663 795 1699 seine
814 1663 1169 1711 Bnchersammlung
1194 1673 1245 1700 zu
1272 1658 1472 1707 Breslau‚“
1498 1671 1535 1706 p.
1562 1655 1648 1708 40.)
1674 1659 1796 1705 priore
1812 1660 1894 1696 loeo
1912 1669 2176 1698 commemora-

166 1730 240 1770 tns,
269 1734 341 1759 non
371 1725 443 1761 Vll.
467 1725 646 1769 Eulogius,
675 1728 714 1759 nt
738 1725 803 1760 ille
828 1724 993 1773 affirmat,
1016 1728 1086 1763 sed
1113 1735 1244 1762 omnes
1269 1726 1335 1763 xl.
1388 1724 1590 1769 Calpurnio
1615 1722 1807 1759 attributas
1835 1722 1995 1771 exhibet,
2021 1725 2174 1760 saeculo

164 1786 249 1823 XV.
277 1785 447 1833 scriptus,
473 1788 591 1822 forma
617 1787 814 1832 quadrata,
843 1791 1061 1835 constatque
1086 1787 1185 1826 foliis
1214 1788 1331 1826 CXV.
1392 1786 1574 1832 singulae
1601 1784 1761 1832 pag-inae
1788 1784 1917 1831 uiginti
1943 1794 2014 1823 sex
2040 1794 2175 1824 uersus

164 1848 363 1884 continent.
419 1849 463 1884 ln
492 1847 563 1883 hoc
589 1848 717 1885 codice
743 1850 975 1895 reperiunt-nr
1001 1851 1066 1889 rol.
1090 1848 1117 1890 3
1143 1870 1195 1879 —
1222 1851 1290 1891 22.
1343 1848 1536 1895 calpurnii
1568 1849 1756 1893 Boione,
1793 1844 1949 1893 quarum
1982 1847 2020 1884 la
2053 1850 2175 1885 fronte

164 1910 262 1949 baec
292 1910 479 1956 adscripta
513 1914 618 1947 sunt:
640 1911 905 1958 calphurnii
927 1915 1072 1958 poetae
1097 1915 1154 1951 ad
1178 1911 1468 1951 Nema-sianum
1496 1909 1857 1957 Carthaginensem
1885 1909 2084 1950 Bucolica
2109 1911 2175 1951 in-

164 1973 274 2020 cipit.
328 1974 467 2010 Omnes
494 1973 661 2018 Eclogae
685 1974 981 2020 inscriptionibus
1007 1985 1320 2022 personarumque
1344 1975 1464 2021 signis
1490 1976 1620 2013 carent
1644 1976 1789 2020 praeter
1812 1973 1898 2012 Eoi.
1921 1973 1950 2020 l,
1979 1973 2014 2013 1.
2042 1973 2110 2012 G'o.
2137 1983 2175 2013 11.

162 2037 202 2078 8.
233 2031 313 2075 ΟΒ.
340 2046 377 2075 11.
404 2033 467 2075 13.
498 2036 540 2074 C'.
566 2046 605 2073 u.
632 2034 696 2075 20.
726 2038 766 2075 0.
792 2048 831 2077 11.
858 2032 921 2079 24.
949 2037 993 2076 0.
1046 2038 1120 2075 Hic
1146 2038 1221 2075 illie
1247 2040 1372 2075 autem
1398 2037 1570 2075 librarius
1595 2037 1643 2073 ad
1671 2044 1868 2082 personam
1893 2034 2171 2081 significandam

162 2101 237 2137 hac
263 2102 350 2135 nota
376 2096 437 2145 („)
464 2109 556 2136 usus
582 2101 654 2137 est.
693 2100 786 2138 Fon.
812 2098 877 2140 23.
906 2095 972 2140 24.
997 2111 1118 2137 vacua
1143 2103 1249 2138 sunt=
1277 2102 1342 2138 rol.
1368 2099 1434 2140 25.
1460 2100 1555 2136 baec
1580 2100 1775 2146 leguntur:
1802 2098 2045 2143 oalplmrnii
2068 2101 2175 2138 Poe-

162 2167 231 2201 tae
249 2164 307 2200 ad
321 2162 610 2200 Nemesianum
627 2161 977 2207 carmaqinemem
994 2162 1190 2201 Bucolica
1208 2160 1363 2210 incipit,
1390 2163 1457 2199 sed
1481 2162 1655 2199 continuo
1681 2162 1775 2198 liaeo
1800 2161 2027 2207 excipiuntur
2051 2162 2171 2201 biseet

160 2224 453 2262 SIMPHOSII
474 2224 797 2271 ENYGMATA,
832 2235 986 2269 quornm
1018 2228 1137 2262 tamen
1172 2226 1313 2262 nullum
1348 2227 1489 2270 exstat,
1525 2234 1609 2261 nam
1642 2223 1709 2261 fol.
1735 2221 1800 2263 26.
1856 2223 1994 2269 Quinti
2026 2225 2174 2263 Sereni

162 2286 316 2325 Medici
341 2286 466 2323 Liber
491 2284 656 2333 incipit,
691 2297 811 2333 nsque
838 2286 885 2323 ad
910 2286 977 2325 fol.
1002 2285 1076 2327 532
1102 2286 1180 2325 foll.
1207 2282 1275 2327 54.
1300 2285 1366 2326 55.
1400 2287 1583 2333 scriptura
1615 2287 1760 2323 carentz
1799 2285 1885 2323 inde
1912 2290 2033 2323 antem
2061 2297 2082 2323 a
2110 2286 2172 2325 fol.

159 2348 224 2389 56.
275 2347 440 2387 Aurelii
464 2347 680 2393 Auqnatim·
705 2350 756 2385 de
782 2350 868 2385 Deo
896 2348 1001 2385 liber
1026 2348 1171 2395 incipit
1203 2347 1311 2396 (libri
1338 2350 1426 2386 sunt
1451 2353 1531 2386 tres
1556 2348 1730 2386 uersibus
1756 2348 1977 2389 hexametris
2002 2350 2173 2388 conseri-

161 2414 227 2459 pti,
256 2413 319 2459 qui
345 2412 507 2448 nondum
535 2411 620 2447 editi
649 2421 736 2447 esse
763 2410 952 2459 uidentur)
979 2422 1097 2457 usque
1114 2414 1160 2450 ad
1178 2412 1244 2451 rot.
1266 2412 1353 2453 108.
1399 2411 1669 2459 Reliquarona
1686 2422 1807 2450 uacua
1825 2417 1924 2453 sunt.
1967 2413 2087 2452 liuius
2104 2422 2172 2451 co·

160 2475 252 2511 dicis
287 2474 466 2520 originem
502 2473 657 2509 eandem
691 2482 778 2509 esse
810 2475 923 2519 atque
950 2475 1064 2513 nom.
1096 2476 1133 2515 d.
1165 2474 1325 2517 maxime
1356 2477 1419 2511 est
1449 2474 1696 2521 perspicuum.
1747 2476 1805 2513 De
1831 2478 2051 2522 ceterorum,
2078 2484 2172 2523 qnos

159 2534 344 2582 recensui,
379 2538 543 2574 codicum
575 2536 785 2573 conditione
817 2537 905 2573 nibil
936 2537 1068 2583 habeo,
1104 2539 1201 2584 quod
1231 2538 1426 2585 proferam,
1463 2547 1547 2574 cnm
1575 2538 1630 2574 eis
1660 2536 1763 2584 uiris,
1799 2548 1950 2583 quornm
1984 2548 2095 2583 opera
2126 2538 2172 2575 ad

159 2610 229 2637 nos
256 2599 423 2646 peruenit
449 2600 592 2652 iliorum
618 2599 793 2637 librorum
821 2598 961 2648 notitia,
985 2599 1032 2637 de
1058 2599 1130 2638 ban
1152 2611 1195 2640 re
1220 2600 1417 2649 quidquam
1436 2599 1496 2637 uel
1517 2598 1701 2637 minimum
1726 2599 1872 2638 tradere
1889 2610 1963 2638 non
1979 2599 2173 2647 placuerit.

241 2684 245 2686 -
315 2663 445 2709 ltaque
471 2663 542 2698 iam
568 2663 616 2698 ad
643 2664 794 2698 alteram
822 2662 990 2699 eodieum
1018 2663 1369 2711 Calpurniana-um,
1395 2663 1434 2700 in
1458 2661 1592 2709 quibus
1618 2663 1791 2700 uitiorum
1815 2662 1926 2699 'etlam
1951 2664 2038 2710 plns
2063 2673 2172 2710 quain
