2375 2940
878 113 1064 120 ——
1108 85 1181 132 ΓΞ

156 220 263 245 mauu
291 210 415 255 scripti
442 211 504 246 uel
533 211 701 256 impressi
729 211 827 256 typis
853 211 1011 248 habendi
1038 212 1132 248 sint:
1161 223 1233 258 quo
1259 212 1416 256 accedit,
1446 212 1541 257 quod
1561 212 1836 249 Werusdortius
1862 212 2058 249 editionum
2088 213 2171 258 plu·

157 282 217 306 res
246 281 385 317 easque
411 274 596 316 grauioris
624 274 799 310 momenti
826 284 898 310 non
925 275 1005 320 ipse
1032 274 1217 318 excussit,
1262 274 1328 311 sed
1356 283 1403 309 ex
1431 274 1583 309 aliorum
1611 268 1808 311 collatione
1834 275 2006 322 cognitas
2032 275 2172 317 habuit.

159 336 287 380 imque
314 345 450 380 operae
477 337 629 381 pretinm
656 346 715 371 me
743 335 923 372 facturum
952 347 1039 373 esse
1071 336 1244 381 arbitror,
1282 336 1313 371 si
1348 336 1394 371 de
1428 336 1600 372 omnibus
1629 337 1803 373 subsidiis
1836 338 1984 383 criticis,
2019 338 2171 384 quorum

158 397 282 432 notitia
310 398 356 431 ad
383 408 440 433 me
467 398 647 443 peruenit,
674 400 837 434 breuiter
863 399 1006 444 quidem
1042 400 1107 434 scd
1141 410 1250 445 quam
1284 398 1560 435 accuratissime
1592 400 1669 435 fleri
1704 403 1836 445 potest,
1871 400 2107 445 disputauero
2134 399 2169 434 iu

157 460 255 495 hunc
282 459 439 503 modum,
468 461 509 493 ut
535 458 687 503 primum
715 461 761 496 de
788 460 988 505 codicibus,
1016 460 1145 496 deinde
1171 461 1217 496 de
1243 459 1464 496 editionibus
1490 459 1705 507 disseratur,
1733 460 1866 507 quibus
1893 470 1939 497 en
1965 449 2191 506 subiiciens

158 532 253 567 quae
280 522 325 557 ad
353 522 634 557 confirmandam
662 523 876 558 sententiam
904 531 1022 561 meum
1050 521 1174 558 facere
1200 522 1383 558 uidentur.

316 584 402 621 Jam
429 583 528 619 inter
554 583 701 619 codices
729 583 998 630 Calpurnianus
1024 584 1177 631 primum
1203 584 1342 621 obtinet
1367 584 1486 621 locum
1513 584 1642 624 Deru.
1669 594 1710 623 α.
1735 585 1832 630 apud
1857 585 2102 622 Burmannum
2131 584 2167 620 in

160 646 260 684 Ado.
286 647 333 681 ad
359 649 449 684 tom.
475 653 529 690 pr.
557 645 659 680 Poet.
686 646 767 681 Lat.
794 646 886 685 Min.
913 646 972 683 cui
999 650 1038 682 et
1063 656 1195 684 nomen
1213 646 1486 692 Neapolitano
1513 644 1585 692 (ex
1609 647 1705 691 loco,
1732 646 1768 681 iu
1796 656 1868 692 quo
1894 649 2167 689 asseruabetur,

160 708 319 752 Neapoli
346 708 383 742 in
411 707 494 743 bibl.
524 706 759 754 Carbonarii)
787 709 852 743 sed
880 718 1030 753 perraro
1058 713 1118 745 est
1143 709 1310 747 inditum.
1364 710 1506 745 Bonum
1542 718 1629 744 uero
1663 717 1747 743 eum
1784 718 1851 753 per
1881 719 1924 744 se
1950 709 2013 745 uix
2040 710 2170 755 appel·

160 768 336 814 iuuerim,
371 771 412 804 at
443 778 489 803 cx
521 768 762 820 deterioribus
795 770 910 806 multo
942 770 1145 807 meliorem:
1182 770 1317 817 quippe
1352 770 1414 817 qui
1446 772 1485 806 et
1510 769 1749 815 interpolatus
1776 769 1842 816 sit,
1870 772 1909 806 et
1933 770 2055 807 multis
2080 770 2172 807 locis

162 835 375 880 corruptus,
420 831 546 867 Nihilo
573 834 694 866 tumen
723 831 844 868 minus
871 832 920 867 ud
944 833 1044 868 huuc
1071 832 1248 877 codicem,
1276 832 1397 877 quoad
1424 842 1490 876 per
1512 832 1621 876 leges
1647 832 1795 867 criticus
1821 832 1900 868 fleri
1924 834 2057 877 potest,
2084 842 2173 868 uer-

162 894 286 929 borum
319 893 513 928 contextus
547 890 831 928 conformandus
864 895 935 930 est.
998 894 1055 928 De
1086 893 1197 929 huius
1230 893 1314 928 libri
1346 893 1462 937 petio
1495 893 1729 928 Burmannus
1760 896 1861 929 recte
1894 892 2029 937 sensit,
2065 892 2174 937 eiquo

163 951 438 992 Wernsdortius
465 952 525 991 bic
552 953 625 991 illic
652 954 894 1001 adstipulatus
920 956 997 992 est:
1037 954 1199 993 Beckius
1230 964 1349 1003 pauca
1384 964 1430 991 ex
1462 964 1508 992 eo
1540 953 1703 1001 retinxit,
1744 954 1811 991 sed
1837 953 2172 1002 grauissimareti-

162 1018 239 1063 quit
264 1018 413 1055 intuetu.
466 1017 562 1054 Mihi
589 1028 736 1063 quoque
763 1018 884 1054 emnia
911 1019 1040 1054 iterum
1065 1018 1272 1064 iterumque
1299 1017 1539 1064 pertractanti
1564 1021 1601 1053 et
1627 1018 1862 1062 perpendenti
1888 1018 2035 1054 tandem
2062 1021 2174 1063 atque

161 1080 225 1116 uix
252 1080 397 1116 tandem
424 1089 482 1125 ea,
512 1088 622 1126 quum
649 1080 836 1126 proposui,
863 1079 1046 1116 sententia
1072 1079 1230 1117 subnata
1256 1083 1325 1116 est.
1352 1098 1407 1107 -
1457 1078 1630 1115 Proxime
1656 1079 1703 1115 ad
1729 1078 1830 1115 illum
1858 1079 2039 1116 accedere
2064 1078 2172 1121 uide·

161 1148 221 1178 tur
248 1145 380 1179 codeoe
405 1142 577 1191 Heimii,
604 1143 700 1188 apud
727 1144 853 1178 Burm.
882 1143 920 1178 in
948 1144 1091 1180 comm.
1116 1144 1273 1179 allatum
1306 1143 1373 1177 sed
1400 1153 1472 1178 non
1499 1152 1584 1178 raro
1611 1143 1657 1177 de
1683 1151 1730 1186 eo
1755 1142 1973 1187 ambigitur,
2007 1142 2171 1177 omniuo·

117 1193 121 1197 ’
164 1216 234 1251 que
263 1205 343 1241 eius
371 1204 532 1251 cognitio
560 1211 620 1241 est
645 1201 818 1251 difficilis,
846 1213 930 1241 eum
958 1205 1167 1252 scripturae
1192 1213 1265 1241 non
1293 1203 1345 1239 ita
1372 1205 1507 1240 multae
1533 1213 1581 1239 ex
1606 1213 1651 1239 eo
1677 1201 1889 1239 afferantur.
1940 1203 2053 1239 Pluru
2079 1212 2171 1239 eno-

162 1274 238 1303 tata
266 1270 349 1303 suut
378 1278 426 1302 ex
453 1269 541 1303 cdd.
567 1268 697 1304 Deru.
727 1267 761 1301 b.
788 1276 822 1302 c.
850 1267 913 1311 qui
938 1267 1056 1303 eidem
1083 1266 1245 1303 familiae
1270 1266 1531 1301 adnumerandi
1557 1268 1657 1303 sunt.
1714 1266 1852 1300 Harum
1878 1260 2080 1310 scripturas
2106 1276 2172 1301 eo—

161 1329 259 1377 dem,
287 1338 359 1374 quo
380 1330 492 1366 θοι-ιι.
519 1338 555 1367 e.
581 1329 664 1365 loco
690 1329 893 1372 congestas
920 1328 1116 1368 habemus.
1160 1327 1331 1373 Denique
1355 1326 1576 1373 peculiarem
1602 1335 1761 1372 eamque
1787 1326 2003 1363 deteriorem
2028 1326 2169 1363 illorum

162 1392 329 1428 codicum
364 1391 600 1436 appendicem
635 1390 824 1426 habendos
856 1401 945 1426 esse
976 1393 1064 1435 puto
1097 1393 1227 1429 Deru.
1258 1392 1297 1427 d.
1330 1388 1456 1435 (cuius
1489 1389 1653 1424 notitiam
1686 1389 1827 1424 ibidem.
1846 1387 2030 1436 reperies)
2063 1398 2172 1434 quem

162 1452 437 1489 Wernsdortius
469 1454 507 1489 et
532 1454 695 1490 Beckius
727 1462 847 1499 paene
878 1452 1012 1498 ubique
1043 1452 1232 1499 appellant
1256 1450 1470 1496 simpliciter
1496 1451 1624 1488 Deru.
1651 1450 1698 1486 ad
1722 1450 1924 1486 Bur-anni
1950 1449 2066 1486 uerba
2088 1450 2172 1487 Ex-

163 1514 302 1562 cerptis
335 1514 573 1551 Doruinianis
605 1515 809 1562 praemissa
840 1524 914 1551 non
947 1515 1200 1561 attendentes,
1235 1515 1274 1550 et
1304 1511 1634 1559 uelamen-anum
1667 1511 1863 1559 alterum,
1896 1509 2060 1561 (signant
2086 1521 2169 1550 eum

161 1579 201 1615 R
228 1577 283 1623 2.)
315 1578 421 1613 cuius
454 1578 578 1613 breuis
609 1578 856 1623 subiungatur
886 1578 1097 1622 descriptio.
1168 1578 1241 1613 Hic
1272 1577 1390 1612 codex
1421 1576 1642 1611 chartaceus
1668 1585 1692 1610 a
1719 1575 1923 1611 Wachlero
1958 1574 2012 1622 (ia
2045 1574 2169 1612 libelle

163 1640 350 1689 „Thomas
367 1639 561 1687 Behdiger
585 1640 660 1676 und
687 1640 790 1677 seine
808 1640 1165 1688 Buchersammlung
1189 1650 1240 1678 zu
1267 1635 1467 1684 Breslau,“
1493 1647 1530 1683 p.
1557 1631 1643 1685 40.)
1669 1635 1791 1683 priore
1807 1636 1889 1673 loeo
1907 1645 2171 1674 commemora-

161 1708 236 1748 tus,
264 1712 337 1737 uon
366 1703 439 1739 vll.
463 1703 642 1747 Eclogas,
670 1705 710 1737 ut
734 1702 798 1738 ille
823 1701 989 1750 affirmet,
1011 1705 1082 1740 'sed
1108 1712 1239 1739 ornnes
1264 1703 1330 1740 xl.
1384 1701 1585 1745 Calpurnio
1610 1696 1803 1735 attributus
1829 1698 1990 1746 exhibet,
2015 1701 2170 1736 saeculo

160 1764 244 1801 XV.
272 1763 443 1811 scriptus,
468 1766 586 1800 forma
612 1764 809 1809 quadrata,
838 1768 1057 1811 constatque
1081 1765 1180 1803 foliis
1208 1764 1327 1802 CXV.
1388 1762 1569 1808 Singulae
1596 1759 1756 1808 paginae
1782 1760 1913 1807 uiginti
1938 1770 2009 1798 sex
2034 1770 2170 1799 uersus

159 1826 359 1862 continent.
415 1827 459 1861 ln
487 1825 559 1861 hoc
584 1826 713 1862 codice
738 1827 971 1871 reperiunt-ur
996 1828 1062 1865 rol.
1086 1825 1113 1867 3
1138 1846 1191 1856 -
1218 1828 1286 1866 22.
1338 1825 1531 1870 Calpurnii
1563 1825 1752 1869 Eelogae,
1788 1819 1944 1869 quarum
1976 1823 2018 1859 iu'
2048 1825 2170 1861 fronte

160 1887 258 1925 haec
288 1886 475 1932 adscripta
508 1890 613 1923 sunt:
635 1887 900 1933 ‚calphurnii
922 1891 1068 1933 poetae
1092 1891 1150 1926 aa
1173 1886 1464 1928 Nemesianum
1492 1884 1853 1931 c'armaytnemem
1880 1884 2079 1924 Bucolica
2104 1885 2171 1925 in·

160 1949 270 1996 cipit.
324 1950 463 1986 Omnes
490 1949 657 1994 Eclogae
681 1950 976 2001 inscriptionibus
1002 1960 1315 1997 personarumque
1339 1950 1459 1996 signis
1485 1951 1615 1987 carent
1639 1950 1785 1995 praeter
1807 1948 1893 1987 Eel.
1916 1947 1945 1994 1,
1973 1947 2009 1987 1.
2037 1946 2106 1986 G'o.
2132 1957 2171 1987 uz

157 2013 198 2053 8.
228 2007 309 2050 ΟΒ.
336 2022 373 2051 u.
400 2009 463 2051 13.
493 2011 536 2049 G'.
562 2022 601 2049 u.
627 2010 692 2050 20.
722 2014 762 2050 0.
788 2007 916 2053 1:524.
944 2012 989 2051 G.
1042 2013 1116 2049 llic
1141 2013 1217 2050 illic
1243 2015 1367 2049 autem
1393 2011 1565 2049 librarius
1591 2012 1639 2047 ad
1666 2018 1863 2055 personam
1888 2009 2167 2054 significa-dan

158 2076 232 2112 hac
258 2076 346 2110 nota
372 2071 432 2120 („)
459 2083 552 2110 usus
577 2075 651 2112 est.
689 2074 782 2112 Foll.
808 2071 872 2113 23.
901 2069 967 2113 24.
992 2084 1114 2111 vacua
1138 2076 1245 2112 sunt:
1272 2076 1337 2111 rol.
1363 2072 1430 2114 25.
1456 2073 1551 2110 haec
1575 2073 1770 2118 leguntur:
1797 2070 2041 2116 c'alplmmu't
2063 2073 2170 2110 Poe-

158 2142 227 2176 tae
244 2139 303 2174 ud
316 2137 606 2174 Nemesianum
623 2135 972 2181 carrliaqinemem
990 2136 1186 2175 Bucolica
1203 2134 1359 2183 cocinit,
1385 2136 1452 2173 sed
1477 2135 1651 2172 contiuuo
1676 2135 1771 2171 haee
1795 2134 2023 2180 excipiuntur
2046 2132 2167 2174 hisce't

156 2198 449 2237 SIMPHOSII
470 2198 793 2246 ENYGMATA,
828 2208 982 2244 quorum
1014 2202 1133 2237 tanen
1168 2192 1309 2236 uultum
1344 2198 1485 2244 exstat,
1521 2207 1605 2234 uam
1638 2196 1705 2234 fol.
1730 2193 1795 2236 26.
1851 2195 1989 2242 Quinti
2022 2197 2170 2236 Sereni

157 2261 312 2299 Medici
336 2261 462 2297 Liber
487 2259 652 2307 incipit,
687 2271 807 2306 usque
834 2261 881 2296 ad
906 2260 973 2299 sol.
997 2259 1072 2301 532
1097 2261 1176 2298 foll.
1202 2256 1271 2300 54.-
1296 2259 1361 2299 55.
1395 2261 1579 2306 scriptura
1610 2260 1756 2295 carent:
1794 2258 1881 2295 iude
1907 2263 2028 2295 autem
2056 2269 2078 2295 u
2105 2259 2168 2297 fel.

156 2323 220 2364 56.
272 2322 436 2362 Aurelii
459 2321 676 2368 Aumaeetim·
702 2324 752 2359 de
778 2324 864 2359 Deo
892 2322 997 2360 liber
1022 2322 1167 2369 incipit
1199 2320 1308 2370 (libri
1334 2324 1422 2360 sunt
1447 2327 1527 2359 tres
1552 2321 1726 2359 uersibus
1751 2320 1973 2362 hexametris
1997 2315 2169 2361 conscri-

156 2388 229 2433 pti,
252 2386 315 2433 qui
335 2386 503 2422 >nondum
531 2384 616 2420 editi
644 2393 732 2420 esse
760 2382 948 2433 uidentur)
975 2394 1093 2430 usque
1110 2386 1155 2422 ad
1174 2384 1241 2424 fol.
1262 2384 1360 2426 108„
1394 2383 1665 2431 Reliqunrona
1682 2393 1803 2421 uacua
1821 2388 1920 2424 sunt.
1962 2385 2083 2423 Huius
2099 2393 2168 2423 co·

156 2448 249 2484 dicis
283 2448 463 2493 originem
498 2446 653 2483 eandem
687 2456 774 2482 esse
806 2448 919 2492 utque
946 2447 1060 2486 nom.
1092 2448 1129 2487 d.
1161 2447 1321 2484 maxime
1352 2450 1416 2483 est
1445 2446 1692 2493 perspicuum.
1743 2447 1801 2484 De
1827 2449 2047 2493 ceterorum,
2073 2456 2168 2493 quos

155 2506 341 2556 recensui,
375 2509 540 2547 codicum
571 2507 781 2546 conditione
813 2508 901 2546 nihil
932 2508 1064 2556 habeo,
1100 2510 1198 2557 quod
1227 2509 1423 2557 proteram,
1458 2517 1542 2546 cum
1571 2508 1627 2545 eis
1656 2506 1759 2555 uiris,
1795 2517 1946 2555 quorum
1979 2517 2092 2555 opera
2121 2508 2167 2546 ad

155 2583 226 2610 uos
252 2573 420 2618 peruenit
446 2573 588 2608 illorum
615 2572 789 2608 librorum
817 2571 957 2618 notitia,
981 2572 1029 2608 de
1054 2572 1126 2609 hae
1148 2583 1192 2610 re
1216 2573 1413 2619 quidquam
1432 2572 1493 2608 uel
1513 2571 1698 2607 minimum
1722 2572 1868 2608 trudere
1885 2581 1960 2607 uon
1975 2563 2169 2616 placuerit.

237 2655 242 2660 -
311 2634 441 2681 ltaque
467 2616 539 2701 iam
565 2633 613 2671 ad
640 2634 791 2670 alteram
818 2633 986 2671 codicum
1014 2633 1365 2682 Calpur-alanorum,
1392 2633 1430 2672 iu
1454 2630 1589 2680 quibus
1613 2632 1787 2671 uitiorum
1811 2630 1923 2670 etiam
1947 2632 2034 2680 plus
2058 2642 2168 2680 quam
