2375 2940
898 149 1086 166 ——-=—-
1168 123 1198 169 6

175 258 226 293 illi
255 255 341 292 Ald.
368 252 438 293 soli
472 251 616 298 propria
648 252 759 297 suut,
795 248 845 287 cf.
872 250 956 290 Ecl.
984 250 1025 296 11,
1054 244 1118 290 40.
1145 249 1210 297 1111τ
1241 244 1307 290 94.
1335 249 1396 295 Vl,
1424 246 1490 290 33.
1514 247 1581 290 86.
1605 248 1694 294 vlu,
1721 242 1786 288 42.
1812 244 1879 288 69.
1903 246 1952 285 Χ.
1984 246 2047 288 19.
2101 247 2183 284 Ne·

176 329 249 364 que
282 326 364 353 cum
390 316 425 351 A
457 314 492 355 1.
528 324 649 360 neque
675 323 759 351 cum
786 315 824 351 A
851 313 891 355 2.
918 312 1100 350 consentit
1124 313 1205 349 Ecl.
1233 313 1321 360 vill,
1348 310 1415 353 59.
1441 314 1480 349 et
1504 312 1585 349 sine
1612 310 1720 348 dubio
1746 310 1922 356 Eeb-ml,
1948 307 2015 350 69.
2043 311 2089 355 V,
2119 306 2183 350 39.

171 379 236 419 43.
253 379 287 415 si
305 378 390 423 quid
408 386 458 412 ex
471 376 669 413 Burmanni
683 373 1000 419 Wernsdorfiique
1018 373 1162 410 silentio
1180 374 1357 418 colligere
1375 375 1473 411 licet.
1523 375 1629 411 Saue
1645 374 1773 410 endem
1786 373 1872 410 Ald.
1884 373 1976 408 facit
1993 382 2076 408 cum
2092 374 2128 408 A
2146 371 2181 410 1.

172 444 250 479 ssel.
279 442 348 484 llll,
374 439 412 478 2.
439 440 489 484 V,
517 437 583 478 32.
609 432 677 477 48.
704 436 768 478 78.
796 448 879 474 cum
905 439 942 473 A
971 436 1006 477 2.
1034 437 1114 472 Eel·
1141 437 1210 482 1111,
1237 435 1299 476 50.
1329 437 1401 482 Vll,
1431 435 1495 477 77.
1526 436 1584 485 (iu
1617 441 1773 483 utroque
1799 436 1873 472 hoc
1899 436 1984 471 loco
2010 433 2057 470 de
2084 434 2179 470 scri·

175 510 279 550 ptura
305 506 341 539 A
372 501 406 541 1.
433 500 655 547 ambigitur.-
694 500 763 535 sed
795 499 875 535 ueri
901 502 960 535 est
986 499 1125 543 simile,
1164 501 1202 534 A
1230 497 1267 537 1.
1295 502 1333 535 et
1356 501 1395 535 A
1421 498 1461 539 2.
1494 499 1591 536 inter
1616 509 1661 536 se
1693 509 1766 536 non
1792 494 2034 545 congruere.)
2061 497 2181 532 tamen

175 568 248 603 hoc
280 575 391 601 nemo
427 564 637 610 mirabitur,
678 563 811 608 quippe
842 562 939 607 quod
972 572 1040 608 per
1073 572 1116 598 se
1148 561 1197 597 sit
1229 566 1531 601 consentaneum.
1585 564 1725 599 Verum
1752 573 1799 599 ex
1824 560 1976 606 reliquls
2002 557 2181 603 exemplis

173 630 255 665 sine
281 627 359 663 ulla
382 625 608 662 dubitatione
634 622 808 660 affirmari
834 625 976 668 potest,
1012 624 1110 660 illam
1136 623 1225 660 Ala.
1254 632 1302 659 ex
1328 633 1401 669 qua
1428 624 1631 662 Doruillius
1657 625 1740 661 has<
1754 624 1955 669 scripturas
1981 620 2181 668 proposuit,

171 701 294 737 neque
326 692 365 726 A
394 689 432 728 1.
459 698 580 733 neque
605 689 643 724 A
668 685 707 725 2.
733 695 853 736 esse:-
883 688 1011 722 coutra
1049 687 1087 722 in
1124 686 1183 722 his
1216 686 1492 731 deprehendere
1523 687 1612 723 mihi
1646 687 1749 723 uisus
1776 697 1857 723 sum
1886 696 1966 722 eam
1994 683 2181 730 Calpurnii

173 753 391 797 editionem,
433 759 529 795 quae
555 758 593 786 α.
623 749 738 786 1472,
764 748 799 793 f.
833 748 1014 785 Venetiie
1039 758 1123 784 cum
1155 748 1322 786 Ausonio
1351 751 1386 784 et
1415 748 1499 785 aliis
1526 749 1718 795 poematiis
1744 748 1893 795 prodiit,
1927 747 1978 785 cf.
2004 746 2182 785 Maittair.

171 817 341 853 Annales
367 817 515 858 typogr.
543 815 617 847 tom
642 813 671 849 l.
697 822 735 857 p.
762 811 827 851 98.
879 811 998 846 Ebert
1022 812 1108 846 bibl.
1130 813 1218 847 Lex.
1247 822 1280 847 ιι.
1298 809 1418 850 3362.
1473 810 1750 847 Wernsdortius
1776 811 1920 856 quidem
1947 811 1972 845 1.
1998 820 2035 847 ιι.
2061 821 2098 857 p.
2117 807 2182 850 37.

171 878 316 916 nescire
343 885 387 912 se
413 876 620 921 profitetur,
648 884 695 910 an
723 873 856 910 alicubi
882 874 977 909 haec
1004 874 1112 910 editio
1139 877 1282 919 exstet,
1317 873 1383 909 sed
1411 883 1484 909 non
1513 875 1713 910 uerendum
1742 877 1820 916 est,
1851 884 1896 911 ne
1924 876 2063 910 temere
2090 881 2180 909 cou-

172 940 344 982 tendum,
384 946 468 972 eam
496 947 519 971 a
547 936 724 972 Doruillio
752 946 839 971 esse
866 936 1085 979 inspectam,
1127 946 1284 980 eumque
1310 935 1347 970 in
1368 924 1420 970 ἕο
1448 938 1586 972 tuntum
1613 937 1804 982 deceptum
1833 946 1938 982 esse,
1979 935 2074 981 quod
2102 943 2181 970 eam

172 1000 377 1050 appellauit
403 999 601 1036 Aldinam:
640 999 676 1035 id
716 999 811 1043 quod
840 1008 885 1034 ex
912 1008 951 1033 re
977 998 1059 1044 ipsa
1088 997 1199 1035 facile
1226 999 1335 1034 habet
1363 998 1658 1043 exeusationem,
1686 1008 1769 1035 cum
1797 990 1957 1034 omnium
1984 997 2180 1034 editionum

173 1068 405 1104 venetorum
426 1061 586 1097 Aldinae
613 1061 769 1096 maxime
795 1058 999 1106 floruerint,
1028 1071 1145 1106 eoque
1172 1061 1293 1106 magis
1320 1061 1392 1095 hoc
1418 1062 1500 1096 loco
1528 1062 1798 1097 exeusationem
1826 1061 1922 1097 hauc
1948 1062 2068 1105 eptam
2097 1068 2182 1095 esse

170 1133 280 1175 puto,
316 1136 401 1162 cum
428 1124 480 1159 illi
507 1124 564 1159 ed.
592 1125 760 1160 Venetae
786 1135 821 1163 ιι.
853 1119 966 1162 1472.
993 1126 1216 1170 typographi
1244 1135 1374 1160 nomen
1402 1134 1471 1160 non
1500 1125 1680 1159 adiectum
1709 1124 1769 1160 sit.
1797 1142 1847 1151 —
1875 1124 2017 1166 Quibus
2043 1120 2178 1158 diluci-

172 1192 268 1227 datis
302 1188 347 1224 nd
382 1187 491 1222 aliam
520 1196 677 1231 eamque
703 1186 912 1232 graviorem
940 1187 1112 1221 accedam
1142 1187 1401 1232 quaestionem.
1456 1186 1525 1221 Est
1551 1185 1645 1222 enim
1670 1186 1705 1221 in
1734 1186 1959 1221 Bibliotheca
1987 1184 2180 1221 Vniuersl·

172 1254 261 1289 tatis
280 1248 585 1287 vratislauiensis
605 1248 792 1291 Calpurnii
821 1249 928 1283 editio
947 1249 1139 1285 edmodum
1158 1260 1255 1294 rara,
1283 1249 1415 1293 quippe
1434 1249 1540 1284 cuius
1558 1249 1700 1284 nonnisi
1718 1249 1814 1292 apud
1831 1248 2011 1284 Panzer.
2030 1246 2180 1284 Annali.

171 1322 323 1360 typogr.
349 1310 425 1347 vll.
452 1320 488 1355 p.
514 1306 579 1348 69.
613 1312 650 1346 et
690 1311 976 1357 Veesenmeyer
1002 1309 1193 1358 (bibliogr.
1220 1312 1293 1347 und
1321 1310 1512 1356 biograph.
1538 1310 1736 1357 Beitriige‚
1779 1311 1863 1346 Uim
1895 1307 2023 1352 1826.)
2049 1308 2179 1344 mentio

169 1378 250 1414 fiet.
294 1373 361 1410 sed
387 1372 438 1406 ita
464 1373 605 1413 tamen,
647 1373 688 1405 ut
715 1370 761 1405 de
787 1370 887 1407 illius
915 1371 1029 1417 pretio
1056 1373 1158 1408 certo
1184 1372 1335 1408 iudicari
1363 1375 1534 1417 nequeat.
1587 1372 1726 1408 Prodiit
1751 1372 1845 1408 haec
1871 1370 1978 1408 editio
2006 1378 2094 1406 cura
2118 1369 2178 1406 Io.

168 1440 289 1476 Alex.
319 1432 561 1471 Brassicani
588 1443 627 1472 a.
645 1434 755 1468 1519.
784 1430 844 1469 4⁰.
864 1443 897 1472 e.
917 1435 944 1473 Ι.
971 1434 1149 1478 impensis
1178 1434 1383 1470 Knobloclii
1418 1435 1562 1470 incolae
1589 1434 1874 1480 Argentinensis
1885 1432 2064 1469 ·formults
2090 1440 2179 1467 uero

169 1495 447 1537 Anshelmianis
474 1490 763 1543 (HagenouaeZ).
819 1495 975 1531 constat
1010 1495 1109 1531 foliis
1128 1495 1200 1536 28.
1227 1495 1411 1541 habetque
1444 1499 1591 1542 praeter
1623 1497 1717 1533 duas
1742 1484 1974 1543 prefationes
2001 1491 2066 1541 (nd
2086 1493 2177 1529 Cel·-

169 1561 335 1606 purnimn
364 1561 403 1592 et
429 1558 475 1592 ad
499 1557 780 1598 Nemesianum)
808 1558 1110 1600 quaestiunculam
1138 1559 1184 1593 de
1203 1559 1379 1593 Bucolico
1406 1559 1567 1592 carmine
1593 1562 1704 1602 atque
1730 1557 1930 1602 compiuria
1956 1566 2038 1590 cum
2061 1556 2179 1591 Bras-

171 1620 286 1661 siceni
311 1616 429 1667 ipsius
455 1619 531 1653 tuin
557 1616 709 1654 aliorum
734 1617 914 1665 poematia
945 1620 984 1655 et
1011 1617 1289 1667 epigrammata.
1343 1618 1493 1666 Septem
1520 1618 1687 1667 Eclogse
1714 1617 1856 1667 priores
1885 1616 2081 1664 Calpurnio
2109 1616 2178 1654 ad·

170 1686 315 1730 scripte
349 1684 437 1717 sunt
471 1681 575 1715 hisce
609 1681 752 1718 uerbis:
800 1681 882 1717 Tite·
910 1682 1151 1725 Galplturuii
1176 1682 1308 1719 Siculi
1334 1684 1486 1717 Poetae
1515 1684 1689 1718 Carmen
1724 1682 1969 1718 bucolicum.-
2008 1682 2179 1724 quattuor

169 1746 395 1794 posteriores
420 1745 506 1790 post
531 1742 614 1779 illas
641 1743 829 1779 collocatae
857 1742 926 1779 sub
944 1743 1157 1781 Nemesiani
1176 1744 1322 1781 nomine
1340 1744 1559 1782 exhihentur
1584 1743 1620 1780 in
1638 1743 1737 1780 hunc
1754 1744 1917 1780 modum.-
1942 1741 2178 1780 Nmaeiani

168 1813 322 1846 Poetae
340 1804 676 1849 chartaqinemis
691 1807 880 1850 Ecloyae.
933 1805 1100 1850 Singulis
1118 1808 1272 1851 Eclogis
1289 1807 1497 1851 periochae,
1525 1806 1577 1841 uti
1604 1806 1826 1842 Brassiceno
1852 1816 1918 1840 eas
1944 1804 2081 1851 placuit
2108 1813 2178 1840 uo·

169 1874 324 1914 minare,
353 1867 541 1915 quaternis
567 1867 738 1904 uersibus
765 1866 989 1903 hexametris
1014 1869 1229 1915 conscripto
1257 1867 1501 1915 reperiuntur,
1530 1877 1624 1914 quas
1649 1868 1726 1905 elio
1752 1869 1833 1905 loco
1860 1869 1965 1905 dabo.
2020 1868 2064 1903 ln
2087 1876 2178 1904 con·-

170 1932 351 1969 stitnendo
371 1932 563 1966 uerborum
590 1933 765 1964 contextu
793 1929 1040 1964 Brassicanus
1067 1934 1215 1975 praeter
1241 1931 1359 1968 illum
1383 1930 1579 1976 codicem,
1618 1940 1726 1976 quem
1753 1941 1867 1976 supra
1893 1929 2177 1973 commemoraui,

169 1997 216 2032 ob
244 1994 369 2031 oculos
397 1992 570 2041 habuisse
598 1992 743 2028 uidetur
770 1991 829 2029 ed.
856 1991 1137 2036 Ascensiannm‚
1165 2003 1210 2029 ex
1230 2002 1301 2037 qun
1321 1992 1616 2038 interpolationes
1633 1994 1795 2038 quadam
1814 1994 1851 2030 in
1870 1993 1966 2029 hauc
1983 1992 2179 2029 editionem

170 2060 415 2103 irrepserunt,
457 2056 494 2089 et
528 2054 584 2089 ed.
615 2053 905 2099 Bononiensem,
947 2053 981 2088 id
1016 2056 1109 2100 quod
1144 2066 1190 2091 ex
1219 2052 1430 2091 Brassicnni
1464 2055 1690 2100 prnerstiaeine
1721 2055 1813 2091 satis
1846 2055 1982 2100 liquido
2009 2052 2178 2093 efficitur.

167 2118 301 2163 Magni
328 2125 418 2152 uero
443 2116 654 2151 estimanda
681 2117 740 2152 est
768 2116 848 2151 haec
874 2115 1084 2153 Bressieani
1111 2118 1240 2154 editio:
1295 2118 1572 2154 wernsdornus
1598 2118 1691 2153 enim
1718 2118 1745 2156 1.
1766 2128 1800 2153 a.
1829 2126 1916 2163 pag.
1934 2108 2000 2156 50.
2026 2116 2071 2152 de
2097 2117 2178 2153 edl-

167 2184 266 2217 none
285 2179 439 2225 quadum
461 2176 667 2213 Basilecnsi
685 2186 716 2212 s.
739 2176 961 2221 oporiniana
987 2174 1216 2226 (1546.›8⁰.)
1243 2179 1383 2215 haecce
1400 2181 1573 2214 attirmnt:
1600 2179 1857 2227 „Basileensis
1875 2179 1934 2214 uel
1955 2177 2177 2225 Oporiniana

166 2240 370 2289 singularis
398 2241 473 2279 est,
502 2241 540 2275 et
566 2239 710 2284 quidem
739 2236 1016 2277 nd'uetustiora
1042 2241 1264 2289 exemplaria
1280 2242 1390 2280 Rom.
1416 2244 1480 2278 aut
1499 2243 1674 2280 Dauentr.
1693 2251 1890 2287 expresse,
1918 2242 1983 2278 scd
2001 2241 2177 2290 pleraque

162 2306 339 2349 mendosa
366 2305 404 2338 et
431 2302 552 2337 hiulca
579 2302 664 2336 loca
689 2303 762 2337 tam
791 2301 948 2337 feliciter
972 2303 1131 2353 restituit
1155 2307 1191 2339 et
1219 2304 1388 2350 corrigit,
1417 2308 1458 2340 ut
1483 2305 1515 2340 si
1533 2304 1807 2341 emendationes
1826 2303 1905 2339 istie
1924 2314 1972 2340 ex
1989 2306 2063 2342 alio
2082 2306 2178 2343 hono

166 2368 309 2409 codice,
338 2373 410 2400 ιιοιι
440 2373 490 2399 ex
515 2363 598 2398 sola
625 2364 837 2400 conlectura
857 2363 1008 2410 Oporini
1036 2367 1208 2408 profecte
1236 2367 1321 2412 sint,
1350 2370 1452 2403 certe
1478 2366 1559 2401 heo
1585 2365 1694 2401 editio
1720 2365 1758 2401 iu
1775 2365 2086 2411 praestantissimis
2106 2367 2176 2404 ha-

166 2430 285 2466 benda
312 2425 401 2463 sit.“
444 2426 535 2461 Jam
562 2425 758 2462 collatione
778 2421 991 2461 Brassicnni
1019 2427 1184 2463 editionis
1212 2429 1410 2475 diligenter
1438 2427 1603 2463 instituta
1630 2427 1716 2463 mihi
1743 2437 1959 2474 persuasum
1978 2432 2048 2475 est,
2074 2430 2177 2466 illam

165 2493 225 2529 ed.
254 2487 370 2526 Basti.
397 2498 445 2524 ex
472 2489 543 2525 linc
568 2488 782 2525 Brassicani
810 2489 871 2527 ed.
899 2499 1111 2534 expressam
1139 2502 1246 2538 esse,
1274 2492 1309 2528 id
1337 2492 1433 2538 quod
1459 2490 1666 2526 luculenter
1691 2495 1842 2536 apparet
1866 2499 1913 2528 ex
1937 2492 2017 2529 Ecl.
2043 2493 2085 2538 ll,
2111 2490 2177 2532 33.

162 2556 217 2590 Et
248 2550 348 2588 milei
381 2555 558 2590 matura.
587 2551 627 2596 11,
657 2548 718 2590 71.
751 2552 907 2589 lior-tue.
935 2553 976 2596 11,
1005 2550 1068 2592 92.
1130 2552 1327 2591 Carmina
1358 2550 1518 2598 spernit
1549 2555 1683 2599 amor,
1721 2562 1852 2602 neque
1881 2555 2021 2599 fistula
2050 2554 2182 2600 flectit

164 2623 355 2653 amorem.
382 2612 436 2659 lli,
465 2611 532 2653 93.
558 2613 725 2658 Proser.
753 2614 817 2660 1111,
846 2612 885 2654 2.
911 2612 991 2651 cui.
1018 2614 1087 2661 llll,
1109 2612 1172 2655 70.
1198 2618 1273 2653 sed
1297 2625 1393 2654 non.
1419 2615 1489 2662 llll,
1511 2612 1573 2656 78.
1599 2625 1652 2654 οη
1678 2626 1829 2666 quoque
1853 2619 2004 2664 frater.
2031 2617 2177 2666 1111,88.

146 2661 215 2716 '⁷'ne
241 2677 493 2722 aediynetur.
524 2678 583 2723 vl,
610 2675 651 2733 6Ἰ
679 2680 1001 2723 eximet-onerat.
1029 2678 1091 2726 Vl,
1117 2676 1183 2718 53.
1212 2681 1273 2725 qui
1300 2678 1532 2726 postponitur
1557 2688 1596 2716 ιι.
1623 2689 1703 2725 seq.
1731 2683 1769 2716 et
1795 2680 1832 2717 in
1859 2691 1931 2726 quo
1958 2683 2080 2718 exstet
2106 2692 2184 2731 ege-
